<?xml version="1.0" encoding="UTF-8"?><record xmlns="http://www.loc.gov/MARC21/slim" xmlns:cinclude="http://apache.org/cocoon/include/1.0" xmlns:zs="http://www.loc.gov/zing/srw/">
  <leader>00521nz  a2200145n  4500</leader>
  <controlfield tag="001">no2003019636</controlfield>
  <controlfield tag="003">DLC</controlfield>
  <controlfield tag="005">20030302081512.0</controlfield>
  <controlfield tag="008">030301n| acannaabn          |n aaa     c</controlfield>
  <datafield tag="010" ind1=" " ind2=" ">
    <subfield code="a">no2003019636</subfield>
  </datafield>
  <datafield tag="035" ind1=" " ind2=" ">
    <subfield code="a">(OCoLC)oca05985711</subfield>
  </datafield>
  <datafield tag="040" ind1=" " ind2=" ">
    <subfield code="a">FU</subfield>
    <subfield code="b">eng</subfield>
    <subfield code="c">FU</subfield>
  </datafield>
  <datafield tag="100" ind1="1" ind2=" ">
    <subfield code="a">Muguet, François,</subfield>
    <subfield code="d">1630?-1702</subfield>
  </datafield>
  <datafield tag="670" ind1=" " ind2=" ">
    <subfield code="a">Piles, Roger de. Abregé de la vie des peintres, 1699:</subfield>
    <subfield code="b">imprint on t.p. (François Muguet)</subfield>
  </datafield>
  <datafield tag="670" ind1=" " ind2=" ">
    <subfield code="a">BN online authority, Mar. 1, 2003</subfield>
    <subfield code="b">(Muguet, François; printer and bookseller in Paris, b. 1630? d. 1702)</subfield>
  </datafield>
</record>